@article{MeshTalk2021,
  author    = {Alexander Richard and
               Michael Zollh{\"{o}}fer and
               Yandong Wen and
               Fernando De la Torre and
               Yaser Sheikh},
  title     = {MeshTalk: 3D Face Animation from Speech using Cross-Modality Disentanglement},
  journal   = {CoRR},
  volume    = {abs/2104.08223},
  year      = {2021},
  url       = {https://arxiv.org/abs/2104.08223},
  eprinttype = {arXiv},
  eprint    = {2104.08223},
  timestamp = {Mon, 19 Apr 2021 16:45:47 +0200},
  biburl    = {https://dblp.org/rec/journals/corr/abs-2104-08223.bib},
  bibsource = {dblp computer science bibliography, https://dblp.org}
}