@article{MeshTalk2021,
  author    = {Alexander Richard and
               Michael Zollh{\"{o}}fer and
               Yandong Wen and
               Fernando De la Torre and
               Yaser Sheikh},
  title     = {MeshTalk: 3D Face Animation from Speech using Cross-Modality Disentanglement},
  journal   = {CoRR},
  volume    = {abs/2104.08223},
  year      = {2021},
  url       = {https://arxiv.org/abs/2104.08223},
  eprinttype = {arXiv},
  eprint    = {2104.08223},
  timestamp = {Mon, 19 Apr 2021 16:45:47 +0200},
  biburl    = {https://dblp.org/rec/journals/corr/abs-2104-08223.bib},
  bibsource = {dblp computer science bibliography, https://dblp.org}
}

@article{MakeItTalk2020,
  author    = {Yang Zhou and
               Dingzeyu Li and
               Xintong Han and
               Evangelos Kalogerakis and
               Eli Shechtman and
               Jose Echevarria},
  title     = {MakeItTalk: Speaker-Aware Talking Head Animation},
  journal   = {CoRR},
  volume    = {abs/2004.12992},
  year      = {2020},
  url       = {https://arxiv.org/abs/2004.12992},
  eprinttype = {arXiv},
  eprint    = {2004.12992},
  timestamp = {Tue, 08 Dec 2020 00:31:37 +0100},
  biburl    = {https://dblp.org/rec/journals/corr/abs-2004-12992.bib},
  bibsource = {dblp computer science bibliography, https://dblp.org}
}


@misc{vall-eX,
  doi = {10.48550/ARXIV.2303.03926},
  
  url = {https://arxiv.org/abs/2303.03926},
  
  author = {Zhang, Ziqiang and Zhou, Long and Wang, Chengyi and Chen, Sanyuan and Wu, Yu and Liu, Shujie and Chen, Zhuo and Liu, Yanqing and Wang, Huaming and Li, Jinyu and He, Lei and Zhao, Sheng and Wei, Furu},
  
  keywords = {Computation and Language (cs.CL), Artificial Intelligence (cs.AI), Sound (cs.SD), Audio and Speech Processing (eess.AS), FOS: Computer and information sciences, FOS: Computer and information sciences, FOS: Electrical engineering, electronic engineering, information engineering, FOS: Electrical engineering, electronic engineering, information engineering},
  
  title = {Speak Foreign Languages with Your Own Voice: Cross-Lingual Neural Codec Language Modeling},
  
  publisher = {arXiv},
  
  year = {2023},
  
  copyright = {arXiv.org perpetual, non-exclusive license}
}


@misc{TFGMT2022,
  doi = {10.48550/ARXIV.2205.06421},
  
  url = {https://arxiv.org/abs/2205.06421},
  
  author = {Song, Hyoung-Kyu and Woo, Sang Hoon and Lee, Junhyeok and Yang, Seungmin and Cho, Hyunjae and Lee, Youseong and Choi, Dongho and Kim, Kang-wook},
  
  keywords = {Computer Vision and Pattern Recognition (cs.CV), Artificial Intelligence (cs.AI), FOS: Computer and information sciences, FOS: Computer and information sciences},
  
  title = {Talking Face Generation with Multilingual TTS},
  
  publisher = {arXiv},
  
  year = {2022},
  
  copyright = {arXiv.org perpetual, non-exclusive license}
}

@article{VITS2021,
  author    = {Jaehyeon Kim and
               Jungil Kong and
               Juhee Son},
  title     = {Conditional Variational Autoencoder with Adversarial Learning for
               End-to-End Text-to-Speech},
  journal   = {CoRR},
  volume    = {abs/2106.06103},
  year      = {2021},
  url       = {https://arxiv.org/abs/2106.06103},
  eprinttype = {arXiv},
  eprint    = {2106.06103},
  timestamp = {Tue, 15 Jun 2021 16:35:15 +0200},
  biburl    = {https://dblp.org/rec/journals/corr/abs-2106-06103.bib},
  bibsource = {dblp computer science bibliography, https://dblp.org}
}



@article{facebookpaper,
  title={Real Time Speech Enhancement in the Waveform Domain},
  author={Alexandre D{\'e}fossez and Gabriel Synnaeve and Yossi Adi},
  journal={ArXiv},
  year={2020},
  volume={abs/2006.12847}
}


@inproceedings{brayda2015spatially,
  title={Spatially selective binaural hearing aids},
  author={Brayda, Luca and Traverso, Federico and Giuliani, Luca and Diotalevi, Francesco and Repetto, Stefania and Sansalone, Sara and Trucco, Andrea and Sandini, Giulio},
  booktitle={Adjunct Proceedings of the 2015 ACM International Joint Conference on Pervasive and Ubiquitous Computing and Proceedings of the 2015 ACM International Symposium on Wearable Computers},
  pages={957--962},
  year={2015}
}
@article{kidd2013design,
  title={Design and preliminary testing of a visually guided hearing aid},
  author={Kidd Jr, Gerald and Favrot, Sylvain and Desloge, Joseph G and Streeter, Timothy M and Mason, Christine R},
  journal={The Journal of the Acoustical Society of America},
  volume={133},
  number={3},
  year={2013},
  publisher={Acoustical Society of America}
}
@article{brinkman2015effect,
  title={The effect of 3D audio and other audio techniques on virtual reality experience},
  author={Brinkman, Willem-Paul and Hoekstra, Allart RD and van EGMOND, Ren{\'e}},
  journal={ANNUAL REVIEW OF CYBERTHERAPY AND TELEMEDICINE 2015},
  pages={44},
  year={2015}
}
@inproceedings{wang2019contactless,
  title={Contactless infant monitoring using white noise},
  author={Wang, Anran and Sunshine, Jacob E and Gollakota, Shyamnath},
  booktitle={The 25th Annual International Conference on Mobile Computing and Networking},
  pages={1--16},
  year={2019}
}
@inproceedings{wang2019millisonic,
  title={Millisonic: Pushing the limits of acoustic motion tracking},
  author={Wang, Anran and Gollakota, Shyamnath},
  booktitle={Proceedings of the 2019 CHI Conference on Human Factors in Computing Systems},
  pages={1--11},
  year={2019}
}
@article{luo2019conv,
  title={Conv-tasnet: Surpassing ideal time--frequency magnitude masking for speech separation},
  author={Luo, Yi and Mesgarani, Nima},
  journal={IEEE/ACM transactions on audio, speech, and language processing},
  volume={27},
  number={8},
  pages={1256--1266},
  year={2019},
  publisher={IEEE}
}
@article{jenrungrot2020cone,
  title={The cone of silence: speech separation by localization},
  author={Jenrungrot, Teerapat and Jayaram, Vivek and Seitz, Steve and Kemelmacher-Shlizerman, Ira},
  journal={arXiv preprint arXiv:2010.06007},
  year={2020}
}
@article{gu2020temporal,
  title={Temporal-spatial neural filter: Direction informed end-to-end multi-channel target speech separation},
  author={Gu, Rongzhi and Zou, Yuexian},
  journal={arXiv preprint arXiv:2001.00391},
  year={2020}
}
@inproceedings{han2020real,
  title={Real-time binaural speech separation with preserved spatial cues},
  author={Han, Cong and Luo, Yi and Mesgarani, Nima},
  booktitle={ICASSP 2020-2020 IEEE International Conference on Acoustics, Speech and Signal Processing (ICASSP)},
  pages={6404--6408},
  year={2020},
  organization={IEEE}
}
@article{oord2016wavenet,
  title={Wavenet: A generative model for raw audio},
  author={Oord, Aaron van den and Dieleman, Sander and Zen, Heiga and Simonyan, Karen and Vinyals, Oriol and Graves, Alex and Kalchbrenner, Nal and Senior, Andrew and Kavukcuoglu, Koray},
  journal={arXiv preprint arXiv:1609.03499},
  year={2016}
}

@article{hu2020dccrn,
  title={DCCRN: Deep complex convolution recurrent network for phase-aware speech enhancement},
  author={Hu, Yanxin and Liu, Yun and Lv, Shubo and Xing, Mengtao and Zhang, Shimin and Fu, Yihui and Wu, Jian and Zhang, Bihong and Xie, Lei},
  journal={arXiv preprint arXiv:2008.00264},
  year={2020}
}

@inproceedings{gu2019neural,
  title={Neural Spatial Filter: Target Speaker Speech Separation Assisted with Directional Information.},
  author={Gu, Rongzhi and Chen, Lianwu and Zhang, Shi-Xiong and Zheng, Jimeng and Xu, Yong and Yu, Meng and Su, Dan and Zou, Yuexian and Yu, Dong},
  booktitle={Interspeech},
  pages={4290--4294},
  year={2019}
}

@article{defossez2019music,
  title={Music source separation in the waveform domain},
  author={D{\'e}fossez, Alexandre and Usunier, Nicolas and Bottou, L{\'e}on and Bach, Francis},
  journal={arXiv preprint arXiv:1911.13254},
  year={2019}
}

@article{gu2019end,
  title={End-to-end multi-channel speech separation},
  author={Gu, Rongzhi and Wu, Jian and Zhang, Shi-Xiong and Chen, Lianwu and Xu, Yong and Yu, Meng and Su, Dan and Zou, Yuexian and Yu, Dong},
  journal={arXiv preprint arXiv:1905.06286},
  year={2019}
}

@article{harma2004augmented,
  title={Augmented reality audio for mobile and wearable appliances},
  author={H{\"a}rm{\"a}, Aki and Jakka, Julia and Tikander, Miikka and Karjalainen, Matti and Lokki, Tapio and Hiipakka, Jarmo and Lorho, Ga{\"e}tan},
  journal={Journal of the Audio Engineering Society},
  volume={52},
  number={6},
  pages={618--639},
  year={2004},
  publisher={Audio Engineering Society}
}
@inproceedings{chhetri2018multichannel,
  title={Multichannel audio front-end for far-field automatic speech recognition},
  author={Chhetri, Amit and Hilmes, Philip and Kristjansson, Trausti and Chu, Wai and Mansour, Mohamed and Li, Xiaoxue and Zhang, Xianxian},
  booktitle={2018  EUSIPCO},
  pages={1527--1531},
  year={2018},
  organization={IEEE}
}
@inproceedings{choudhury2021earable,
  title={Earable computing: A new area to think about},
  author={Choudhury, Romit Roy},
  booktitle={Proceedings of the 22nd International Workshop on Mobile Computing Systems and Applications},
  pages={147--153},
  year={2021}
}
@article{souden2010study,
  title={A study of the LCMV and MVDR noise reduction filters},
  author={Souden, Mehrez and Benesty, Jacob and Affes, Sofi{\`e}ne},
  journal={IEEE Transactions on Signal Processing},
  volume={58},
  number={9},
  pages={4925--4935},
  year={2010},
  publisher={IEEE}
}
@inproceedings{kumatani2012microphone,
  title={Microphone array processing for distant speech recognition: Towards real-world deployment},
  author={Kumatani, Kenichi and Arakawa, Takayuki and Yamamoto, Kazumasa and McDonough, John and Raj, Bhiksha and Singh, Rita and Tashev, Ivan},
  booktitle={Proceedings of The 2012 Asia Pacific Signal and Information Processing Association Annual Summit and Conference},
  pages={1--10},
  year={2012},
  organization={IEEE}
}
@inproceedings{kumar2014accurate,
  title={Accurate indoor localization with zero start-up cost},
  author={Kumar, Swarun and Gil, Stephanie and Katabi, Dina and Rus, Daniela},
  booktitle={Proceedings of the 20th annual international conference on Mobile computing and networking},
  pages={483--494},
  year={2014}
}
@incollection{habets2010mvdr,
  title={The MVDR beamformer for speech enhancement},
  author={Habets, Emanu{\"e}l AP and Benesty, Jacob and Gannot, Sharon and Cohen, Israel},
  booktitle={Speech Processing in Modern Communication},
  pages={225--254},
  year={2010},
  publisher={Springer}
}

@article{krim1996two,
  title={Two decades of array signal processing research: the parametric approach},
  author={Krim, Hamid and Viberg, Mats},
  journal={IEEE signal processing magazine},
  volume={13},
  number={4},
  pages={67--94},
  year={1996},
  publisher={IEEE}
}
@incollection{simmer2001post,
  title={Post-filtering techniques},
  author={Simmer, K Uwe and Bitzer, Joerg and Marro, Claude},
  booktitle={Microphone arrays},
  pages={39--60},
  year={2001},
  publisher={Springer}
}
@book{comon2010handbook,
  title={Handbook of Blind Source Separation: Independent component analysis and applications},
  author={Comon, Pierre and Jutten, Christian},
  year={2010},
  publisher={Academic press}
}
@article{haykin2005cocktail,
  title={The cocktail party problem},
  author={Haykin, Simon and Chen, Zhe},
  journal={Neural computation},
  volume={17},
  number={9},
  pages={1875--1902},
  year={2005},
  publisher={MIT Press One Rogers Street, Cambridge, MA 02142-1209, USA journals-info~…}
}
@article{higuchi2017online,
  title={Online MVDR beamformer based on complex Gaussian mixture model with spatial prior for noise robust ASR},
  author={Higuchi, Takuya and Ito, Nobutaka and Araki, Shoko and Yoshioka, Takuya and Delcroix, Marc and Nakatani, Tomohiro},
  journal={IEEE/ACM Transactions on Audio, Speech, and Language Processing},
  volume={25},
  number={4},
  pages={780--793},
  year={2017},
  publisher={IEEE}
}
@article{trabelsi2017deep,
  title={Deep complex networks},
  author={Trabelsi, Chiheb and Bilaniuk, Olexa and Zhang, Ying and Serdyuk, Dmitriy and Subramanian, Sandeep and Santos, Joao Felipe and Mehri, Soroush and Rostamzadeh, Negar and Bengio, Yoshua and Pal, Christopher J},
  journal={arXiv preprint arXiv:1705.09792},
  year={2017}
}
@inproceedings{marseet2017application,
  title={Application of complex-valued convolutional neural network for next generation wireless networks},
  author={Marseet, Akram and Sahin, Ferat},
  booktitle={2017 IEEE Western New York Image and Signal Processing Workshop (WNYISPW)},
  pages={1--5},
  year={2017},
  organization={IEEE}
}
@article{bassey2021survey,
  title={A survey of complex-valued neural networks},
  author={Bassey, Joshua and Qian, Lijun and Li, Xianfang},
  journal={arXiv preprint arXiv:2101.12249},
  year={2021}
}
@misc{kleijn2016methods,
  title={Methods and systems for robust beamforming},
  author={Kleijn, Willem Bastiaan},
  year={2016},
  month=nov # "~22",
  publisher={Google Patents},
  note={US Patent 9,502,021}
}
@misc{seeed,
	title={Seeed ReSpeaker 6-Mic Circular Array kit},
	author={Seeed},
	howpublished="\url{https://wiki.seeedstudio.com/ReSpeaker_6-Mic_Circular_Array_kit_for_Raspberry_Pi/}",
	year={2021}
}
@misc{raspberrypi,
	title={Raspberry Pi 4B},
	author={Raspberry Pi Foundation},
	howpublished="\url{https://www.raspberrypi.org/products/raspberry-pi-4-model-b/}",
	year={2021}
}
@misc{odroid,
	title={ODROID C4},
	author={Hardkernel},
	howpublished="\url{https://www.hardkernel.com/shop/odroid-c4/}",
	year={2021}
}
@misc{htcvive,
	title={HTC Vive Pro Eye},
	author={HTC},
	howpublished="\url{
https://www.vive.com/us/product/vive-pro-eye/overview/}",
	year={2021}
}

@article{sipatchin2020accuracy,
  title={Accuracy and precision of the HTC VIVE PRO eye tracking in head-restrained and head-free conditions},
  author={Sipatchin, Alexandra and Wahl, Siegfried and Rifai, Katharina},
  journal={Investigative Ophthalmology \& Visual Science},
  volume={61},
  number={7},
  pages={5071--5071},
  year={2020},
  publisher={The Association for Research in Vision and Ophthalmology}
}

@inproceedings{abadi2016tensorflow,
  title={Tensorflow: A system for large-scale machine learning},
  author={Abadi, Mart{\'\i}n and Barham, Paul and Chen, Jianmin and Chen, Zhifeng and Davis, Andy and Dean, Jeffrey and Devin, Matthieu and Ghemawat, Sanjay and Irving, Geoffrey and Isard, Michael and others},
  booktitle={12th $\{$USENIX$\}$ symposium on operating systems design and implementation ($\{$OSDI$\}$ 16)},
  pages={265--283},
  year={2016}
}
@article{paszke2019pytorch,
  title={Pytorch: An imperative style, high-performance deep learning library},
  author={Paszke, Adam and Gross, Sam and Massa, Francisco and Lerer, Adam and Bradbury, James and Chanan, Gregory and Killeen, Trevor and Lin, Zeming and Gimelshein, Natalia and Antiga, Luca and others},
  journal={Advances in neural information processing systems},
  volume={32},
  pages={8026--8037},
  year={2019}
}
@inproceedings{zhang2020high,
  title={High performance depthwise and pointwise convolutions on mobile devices},
  author={Zhang, Pengfei and Lo, Eric and Lu, Baotong},
  booktitle={Proceedings of the AAAI Conference on Artificial Intelligence},
  volume={34},
  number={04},
  pages={6795--6802},
  year={2020}
}
@article{wang2019benchmarking,
  title={Benchmarking tpu, gpu, and cpu platforms for deep learning},
  author={Wang, Yu Emma and Wei, Gu-Yeon and Brooks, David},
  journal={arXiv preprint arXiv:1907.10701},
  year={2019}
}
@inproceedings{luo2019fasnet,
  title={Fasnet: Low-latency adaptive beamforming for multi-microphone audio processing},
  author={Luo, Yi and Han, Cong and Mesgarani, Nima and Ceolini, Enea and Liu, Shih-Chii},
  booktitle={2019 IEEE ASRU Workshop},
  pages={260--267},
  year={2019},
  organization={IEEE}
}
@inproceedings{horowitz20141,
  title={1.1 computing's energy problem (and what we can do about it)},
  author={Horowitz, Mark},
  booktitle={2014 IEEE International Solid-State Circuits Conference Digest of Technical Papers (ISSCC)},
  pages={10--14},
  year={2014},
  organization={IEEE}
}
@article{doclo2010acoustic,
  title={Acoustic beamforming for hearing aid applications},
  author={Doclo, Simon and Gannot, Sharon and Moonen, Marc and Spriet, Ann and Haykin, Simon and Liu, KJ Ray},
  journal={Handbook on array processing and sensor networks},
  pages={269--302},
  year={2010}
}
@inproceedings{chen2018multi,
  title={Multi-channel overlapped speech recognition with location guided speech extraction network},
  author={Chen, Zhuo and Xiao, Xiong and Yoshioka, Takuya and Erdogan, Hakan and Li, Jinyu and Gong, Yifan},
  booktitle={2018 IEEE SLT Workshop},
  pages={558--565},
  year={2018},
  organization={IEEE}
}
@inproceedings{zhang2021adl,
  title={ADL-MVDR: All deep learning MVDR beamformer for target speech separation},
  author={Zhang, Zhuohuang and Xu, Yong and Yu, Meng and Zhang, Shi-Xiong and Chen, Lianwu and Yu, Dong},
  booktitle={ICASSP},
  pages={6089--6093},
  year={2021},
  organization={IEEE}
}
@article{xu2020neural,
  title={Neural spatio-temporal beamformer for target speech separation},
  author={Xu, Yong and Yu, Meng and Zhang, Shi-Xiong and Chen, Lianwu and Weng, Chao and Liu, Jianming and Yu, Dong},
  journal={arXiv preprint arXiv:2005.03889},
  year={2020}
}
@inproceedings{luo2020end,
  title={End-to-end microphone permutation and number invariant multi-channel speech separation},
  author={Luo, Yi and Chen, Zhuo and Mesgarani, Nima and Yoshioka, Takuya},
  booktitle={ICASSP},
  pages={6394--6398},
  year={2020},
  organization={IEEE}
}
@inproceedings{luo2018tasnet,
  title={Tasnet: time-domain audio separation network for real-time, single-channel speech separation},
  author={Luo, Yi and Mesgarani, Nima},
  booktitle={ICASSP},
  pages={696--700},
  year={2018},
  organization={IEEE}
}

@article{fedorov2020tinylstms,
  title={TinyLSTMs: Efficient neural speech enhancement for hearing aids},
  author={Fedorov, Igor and Stamenovic, Marko and Jensen, Carl and Yang, Li-Chia and Mandell, Ari and Gan, Yiming and Mattina, Matthew and Whatmough, Paul N},
  journal={arXiv preprint arXiv:2005.11138},
  year={2020}
}
@inproceedings{tzinis2020sudo,
  title={Sudo rm-rf: Efficient networks for universal audio source separation},
  author={Tzinis, Efthymios and Wang, Zhepei and Smaragdis, Paris},
  booktitle={2020 IEEE 30th International Workshop on Machine Learning for Signal Processing (MLSP)},
  pages={1--6},
  year={2020},
  organization={IEEE}
}

@inproceedings{qian2018deep,
  title={Deep learning based speech beamforming},
  author={Qian, Kaizhi and Zhang, Yang and Chang, Shiyu and Yang, Xuesong and Florencio, Dinei and Hasegawa-Johnson, Mark},
  booktitle={2018 IEEE  ICASSP},
  pages={5389--5393},
  year={2018},
  organization={IEEE}
}
@article{stone1999tolerable,
  title={Tolerable hearing aid delays. I. Estimation of limits imposed by the auditory path alone using simulated hearing losses},
  author={Stone, Michael A and Moore, Brian CJ},
  journal={Ear and Hearing},
  volume={20},
  number={3},
  pages={182--192},
  year={1999},
  publisher={LWW}
}
@inproceedings{gupta2020acoustic,
  title={Acoustic transparency in hearables for augmented reality audio: Hear-through techniques review and challenges},
  author={Gupta, Rishabh and Ranjan, Rishabh and He, Jianjun and Gan, Woon-Seng and Peksi, Santi},
  booktitle={Audio Engineering Society Conference: 2020 AES International Conference on Audio for Virtual and Augmented Reality},
  year={2020},
  organization={Audio Engineering Society}
}
@inproceedings{le2019sdr,
  title={SDR--half-baked or well done?},
  author={Le Roux, Jonathan and Wisdom, Scott and Erdogan, Hakan and Hershey, John R},
  booktitle={ICASSP 2019-2019 IEEE International Conference on Acoustics, Speech and Signal Processing (ICASSP)},
  pages={626--630},
  year={2019},
  organization={IEEE}
}
@inproceedings{scheibler2018pyroomacoustics,
  title={Pyroomacoustics: A python package for audio room simulation and array processing algorithms},
  author={Scheibler, Robin and Bezzam, Eric and Dokmani{\'c}, Ivan},
  booktitle={2018 IEEE  ICASSP},
  pages={351--355},
  year={2018},
  organization={IEEE}
}

@article{veaux2017cstr,
  title={CSTR VCTK corpus: English multi-speaker corpus for CSTR voice cloning toolkit},
  author={Veaux, Christophe and Yamagishi, Junichi and MacDonald, Kirsten and others},
  journal={University of Edinburgh. The Centre for Speech Technology Research (CSTR)},
  year={2017}
}

@article{reddy2019scalable,
  title={A scalable noisy speech dataset and online subjective test framework},
  author={Reddy, Chandan KA and Beyrami, Ebrahim and Pool, Jamie and Cutler, Ross and Srinivasan, Sriram and Gehrke, Johannes},
  journal={arXiv preprint arXiv:1909.08050},
  year={2019}
}
@article{wichern2019wham,
  title={WHAM!: Extending speech separation to noisy environments},
  author={Wichern, Gordon and Antognini, Joe and Flynn, Michael and Zhu, Licheng Richard and McQuinn, Emmett and Crow, Dwight and Manilow, Ethan and Roux, Jonathan Le},
  journal={arXiv preprint arXiv:1907.01160},
  year={2019}
}

@inproceedings{xiao2017time,
  title={On time-frequency mask estimation for MVDR beamforming with application in robust speech recognition},
  author={Xiao, Xiong and Zhao, Shengkui and Jones, Douglas L and Chng, Eng Siong and Li, Haizhou},
  booktitle={2017 IEEE  ICASSP},
  pages={3246--3250},
  year={2017},
  organization={IEEE}
}
@article{tammen2019dnn,
  title={DNN-based multi-frame MVDR filtering for single-microphone speech enhancement},
  author={Tammen, Marvin and Fischer, D{\"o}rte and Doclo, Simon},
  journal={arXiv preprint arXiv:1905.08492},
  year={2019}
}
@article{srinivasan2008low,
  title={Low-bandwidth binaural beamforming},
  author={Srinivasan, S},
  journal={Electronics Letters},
  volume={44},
  number={22},
  pages={1292--1294},
  year={2008},
  publisher={IET}
}
@inproceedings{hadad2017comparison,
  title={Comparison of two binaural beamforming approaches for hearing aids},
  author={Hadad, Elior and Marquardt, Daniel and Pu, Wenqiang and Gannot, Sharon and Doclo, Simon and Luo, Zhi-Quan and Merks, Ivo and Zhang, Tao},
  booktitle={2017 IEEE International Conference on Acoustics, Speech and Signal Processing (ICASSP)},
  pages={236--240},
  year={2017},
  organization={IEEE}
}
@inproceedings{liao2015effective,
  title={An effective low complexity binaural beamforming algorithm for hearing aids},
  author={Liao, Wei-Cheng and Luo, Zhi-Quan and Merks, Ivo and Zhang, Tao},
  booktitle={2015 IEEE Workshop on Applications of Signal Processing to Audio and Acoustics (WASPAA)},
  pages={1--5},
  year={2015},
  organization={IEEE}
}
@article{stone2008tolerable,
  title={Tolerable hearing aid delays. V. Estimation of limits for open canal fittings},
  author={Stone, Michael A and Moore, Brian CJ and Meisenbacher, Katrin and Derleth, Ralph P},
  journal={Ear and Hearing},
  volume={29},
  number={4},
  pages={601--617},
  year={2008},
  publisher={LWW}
}
@misc{chen2018cracking,
      title={Cracking the cocktail party problem by multi-beam deep attractor network}, 
      author={Zhuo Chen and Jinyu Li and Xiong Xiao and Takuya Yoshioka and Huaming Wang and Zhenghao Wang and Yifan Gong},
      year={2018},
      eprint={1803.10924},
      archivePrefix={arXiv},
      primaryClass={cs.SD}
}

@inproceedings{wang2021hybrid,
     author = {Wang, Anran and Kim, Maruchi and Zhang, Hao and Gollakota, Shyamnath},
     title = {Hybrid neural networks for on-device directional hearing},
     booktitle = {Proceedings of AAAI-2022},
     year = {2022}
}

@article{stone1999tolerable,
  title={Tolerable Hearing Aid Delays. I. Estimation of Limits Imposed by the Auditory Path Alone Using Simulated Hearing Losses},
  author={Stone, Michael A. and Moore, Brian C. J.},
  journal={Ear and Hearing},
  volume={20},
  number={3},
  pages={182--192},
  year={1999},
  month={Jun}
}


@article{gupta2020acoustic,
  title={Acoustic transparency in hearables for augmented reality audio: Hear-through techniques review and challenges},
  author={Gupta, Abhishek and Grondin, Francois and V{\"a}lim{\"a}ki, Vesa},
  journal={IEEE Access},
  volume={8},
  pages={233454--233469},
  year={2020},
  publisher={IEEE}
}
